<record><leader>00000cas a22000007a 4500</leader><controlfield tag="001">32734527</controlfield><controlfield tag="008">950629d18921900okuwr n       0    0eng d</controlfield><datafield ind1=" " ind2=" " tag="010"><subfield code="a">sn 95076263 </subfield></datafield><datafield ind1=" " ind2=" " tag="040"><subfield code="a">OBN</subfield><subfield code="b">eng</subfield><subfield code="c">OBN</subfield><subfield code="d">OCLCQ</subfield><subfield code="d">OCLCO</subfield></datafield><datafield ind1="1" ind2=" " tag="029"><subfield code="a">AU@</subfield><subfield code="b">000011783220</subfield></datafield><datafield ind1=" " ind2=" " tag="042"><subfield code="a">msc</subfield></datafield><datafield ind1=" " ind2=" " tag="043"><subfield code="a">n-us-ok</subfield></datafield><datafield ind1="0" ind2="4" tag="245"><subfield code="a">The Payne County populist.</subfield></datafield><datafield ind1="3" ind2=" " tag="246"><subfield code="a">Stillwater populist</subfield></datafield><datafield ind1="3" ind2=" " tag="246"><subfield code="a">Populist</subfield></datafield><datafield ind1=" " ind2=" " tag="260"><subfield code="a">Stillwater, Payne County, Okla. Ter. [Okla.] :</subfield><subfield code="b">R.Y. Kitkpatrick</subfield></datafield><datafield ind1=" " ind2=" " tag="300"><subfield code="a">v.</subfield></datafield><datafield ind1=" " ind2=" " tag="310"><subfield code="a">Weekly</subfield></datafield><datafield ind1="0" ind2=" " tag="362"><subfield code="a">-v. 11, no. 17 (Dec. 27, 1900).</subfield></datafield><datafield ind1="1" ind2=" " tag="362"><subfield code="a">Began Sep. 1, 1892.</subfield></datafield><datafield ind1=" " ind2=" " tag="500"><subfield code="a">Published as: Populist, June 7-Oct. 31, 1895.</subfield></datafield><datafield ind1=" " ind2=" " tag="588"><subfield code="a">Description based on: Vol. 2, no. 8 (Sep. 21, 1893).</subfield></datafield><datafield ind1=" " ind2="0" tag="650"><subfield code="a">Populism</subfield><subfield code="z">Oklahoma</subfield><subfield code="v">Newspapers.</subfield></datafield><datafield ind1=" " ind2="0" tag="651"><subfield code="a">Stillwater (Okla.)</subfield><subfield code="v">Newspapers.</subfield></datafield><datafield ind1=" " ind2="0" tag="651"><subfield code="a">Payne County (Okla.)</subfield><subfield code="v">Newspapers.</subfield></datafield><datafield ind1=" " ind2="0" tag="651"><subfield code="a">Oklahoma Territory (Okla.)</subfield><subfield code="v">Newspapers.</subfield></datafield><datafield ind1=" " ind2=" " tag="752"><subfield code="a">United States</subfield><subfield code="b">Oklahoma</subfield><subfield code="c">Payne</subfield><subfield code="d">Stillwater.</subfield></datafield><datafield ind1="0" ind2="0" tag="780"><subfield code="t">Payne County republican</subfield><subfield code="w">(DLC)sn 95076217</subfield><subfield code="w">(OCoLC)32684226</subfield></datafield><datafield ind1="0" ind2="0" tag="785"><subfield code="t">Stillwater advance</subfield><subfield code="w">(DLC)sn 95076264</subfield><subfield code="w">(OCoLC)32737175</subfield></datafield></record>